@article{amazon_bias,
  title={Gender Bias in Hiring: An Analysis of the Impact of Amazon's Recruiting Algorithm},
  author={Chang, Xinyu},
  journal={Advances in Economics, Management and Political Sciences},
  volume={23},
  pages={134--140},
  year={2023}
}
@inproceedings{fairness_limeout,
  title={LimeOut: an ensemble approach to improve process fairness},
  author={Bhargava, Vaishnavi and Couceiro, Miguel and Napoli, Amedeo},
  booktitle={Joint European conference on machine learning and knowledge discovery in databases},
  pages={475--491},
  year={2020},
  organization={Springer}
}
@article{fairness_independence,
  title={Achieving Group Fairness through Independence in Predictive Process Monitoring},
  author={Peeperkorn, Jari and De Vos, Simon},
  journal={arXiv preprint arXiv:2412.04914},
  year={2024}
}
@article{fariness_adversarial,
  title={Achieving Fairness in Predictive Process Analytics via Adversarial Learning (Extended Version)},
  author={de Leoni, Massimiliano and Padella, Alessandro},
  journal={arXiv preprint arXiv:2410.02618},
  year={2024}
}
@inproceedings{fairness_discrimination,
  title={Discrimination-aware process mining: A discussion},
  author={Pohl, Timo and Qafari, Mahnaz Sadat and van der Aalst, Wil MP},
  booktitle={International Conference on Process Mining},
  pages={101--113},
  year={2022},
  organization={Springer}
}
@article{fairness_overview,
  title={Algorithmic fairness in business analytics: Directions for research and practice},
  author={De-Arteaga, Maria and Feuerriegel, Stefan and Saar-Tsechansky, Maytal},
  journal={Production and Operations Management},
  volume={31},
  number={10},
  pages={3749--3770},
  year={2022},
  publisher={SAGE Publications Sage CA: Los Angeles, CA}
}
@inproceedings{fairness_foundation,
  title={Fairness-aware process mining},
  author={Qafari, Mahnaz Sadat and Van der Aalst, Wil},
  booktitle={On the Move to Meaningful Internet Systems: OTM 2019 Conferences: Confederated International Conferences: CoopIS, ODBASE, C\&TC 2019, Rhodes, Greece, October 21--25, 2019, Proceedings},
  pages={182--192},
  year={2019},
  organization={Springer}
}
@INPROCEEDINGS{fairness_decision_tree,
  author={Kamiran, Faisal and Calders, Toon and Pechenizkiy, Mykola},
  booktitle={2010 IEEE International Conference on Data Mining}, 
  title={Discrimination Aware Decision Tree Learning}, 
  year={2010},
  volume={},
  number={},
  pages={869-874},
  keywords={Accuracy;Decision trees;Economics;Cleaning;Training data;Biological system modeling;Data mining;Data Mining;Classification;Discrimination Aware Data Mining},
  doi={10.1109/ICDM.2010.50}
 }
